%% LaTeX2e file `bib.bib'
%% generated by the `filecontents' environment
%% from source `proposal' on 2015/11/13.
%%
@misc{logic,
  author = {Ravi Chugh, Patrick M. Rondon, Ranjit Jhal},
  title = {{Nested Refinements: A Logic for Duck Typing}},
  howpublished = "\url{http://people.cs.uchicago.edu/~rchugh/static/papers/popl12-nested.pdf}",
  note = "[Online; accessed 10-November-2015]"
}

@misc{nst,
  title = {{Nomitive and Structural Typing}},
  howpublished = "\url{http://c2.com/cgi/wiki?NominativeAndStructuralTyping}",
  note = "[Online; accessed 13-November-2015]"
}

@misc{dynamic,
  author = {Jonathan Eifrig, Scott Smith, Valery Trifonov},
  title = {{Type Inference for Recursively Constrained Types and its Application to OOP}},
  howpublished = "\url{http://citeseerx.ist.psu.edu/viewdoc/download;jsessionid=F4F3BAF0FC6AB2A0681AA4428CFD4C4A?doi=10.1.1.92.6519&rep=rep1&type=pdf}",
  note = "[Online; accessed 13-November-2015]"
}
